<?xml version="1.0" encoding="UTF-8"?><collection xmlns="http://www.loc.gov/MARC21/slim"><record><leader>00375nam--2200133-i-4500</leader><controlfield tag="001">000049935</controlfield><controlfield tag="002">20161230</controlfield><controlfield tag="005">20161230201047</controlfield><controlfield tag="008">060222s1000------------r-----000-0-eng-d</controlfield><datafield ind1=" " ind2=" " tag="080"><subfield code="a">517.9</subfield></datafield><datafield ind1=" " ind2=" " tag="100"><subfield code="a">Babich,V.M.,Buldyrev,V.S. I Molotkov,I.A</subfield></datafield><datafield ind1=" " ind2=" " tag="245"><subfield code="a">Prostranstvenno-vremennoi luchevoi metov. lineinye i nelineinye volny</subfield></datafield><datafield ind1=" " ind2=" " tag="260"><subfield code="a">Leningrad, 1985. 272 S</subfield></datafield><datafield ind1=" " ind2=" " tag="852"><subfield code="a">72953</subfield></datafield></record></collection>